<record><leader>00000cas a22000007a 4500</leader><controlfield tag="001">11699934</controlfield><controlfield tag="008">850215d19101956wiuwr ne      0    0eng d</controlfield><datafield ind1=" " ind2=" " tag="010"><subfield code="a">sn 85040166 </subfield></datafield><datafield ind1=" " ind2=" " tag="040"><subfield code="a">NPV</subfield><subfield code="b">eng</subfield><subfield code="c">NPV</subfield><subfield code="d">OCLCQ</subfield></datafield><datafield ind1=" " ind2=" " tag="042"><subfield code="a">msc</subfield></datafield><datafield ind1=" " ind2=" " tag="043"><subfield code="a">n-us-wi</subfield></datafield><datafield ind1=" " ind2=" " tag="045"><subfield code="a">x1x5</subfield></datafield><datafield ind1=" " ind2=" " tag="052"><subfield code="a">4123</subfield><subfield code="b">L3</subfield></datafield><datafield ind1="0" ind2="0" tag="245"><subfield code="a">South Wayne homestead.</subfield></datafield><datafield ind1="1" ind2="7" tag="246"><subfield code="a">Homestead</subfield></datafield><datafield ind1=" " ind2=" " tag="260"><subfield code="a">South Wayne, Wis. :</subfield><subfield code="b">L.B. Howery,</subfield><subfield code="c">1910-1956.</subfield></datafield><datafield ind1=" " ind2=" " tag="300"><subfield code="a">46 v. :</subfield><subfield code="b">ill.</subfield></datafield><datafield ind1=" " ind2=" " tag="310"><subfield code="a">Weekly</subfield></datafield><datafield ind1="0" ind2=" " tag="362"><subfield code="a">Vol. 6, no. 28 (Sept. 15, 1910)-v. 46, no. 55 (Dec. 27, 1956).</subfield></datafield><datafield ind1=" " ind2=" " tag="500"><subfield code="a">Publisher varies.</subfield></datafield><datafield ind1=" " ind2=" " tag="500"><subfield code="a">Editors: C.V. Howery, Sept. 15, 1910-Aug. 24, 1911; A.L. Howery, Aug. 31, 1911-Nov. 30, 1911.</subfield></datafield><datafield ind1=" " ind2=" " tag="530"><subfield code="a">Available on microfilm from The State Historical Society of Wisconsin.</subfield></datafield><datafield ind1=" " ind2=" " tag="752"><subfield code="a">United States</subfield><subfield code="b">Wisconsin</subfield><subfield code="c">Lafayette</subfield><subfield code="d">South Wayne.</subfield></datafield><datafield ind1="0" ind2="0" tag="780"><subfield code="t">Homestead (South Wayne, Wis.)</subfield><subfield code="w">(DLC)sn 85040167</subfield></datafield><datafield ind1="1" ind2=" " tag="029"><subfield code="a">AU@</subfield><subfield code="b">000025797521</subfield></datafield></record>